@misc{godefroy_openf1,
  author = {Godefroy, Bruno},
  title = {OpenF1 API | Real-time and historical Formula 1 data},
  url = {https://openf1.org/},
  organization = {openf1.org}
}

@misc{oculus_quest_3,
  author = {Oculus},
  title = {Oculus Quest 3},
  url = {https://www.oculus.com/quest-3/},
  organization = {oculus.com}
}